<?xml version="1.0" encoding="UTF-8"?><collection xmlns="http://www.loc.gov/MARC21/slim"><record><leader>00468nam--2200193-i-4500</leader><controlfield tag="001">000023656</controlfield><controlfield tag="002">20161230</controlfield><controlfield tag="005">20161230201035</controlfield><controlfield tag="008">060222s1000------------r-----000-0-fre-d</controlfield><datafield ind1=" " ind2=" " tag="040"><subfield code="a">IFIN-HH</subfield></datafield><datafield ind1=" " ind2=" " tag="041"><subfield code="a">fre</subfield></datafield><datafield ind1=" " ind2=" " tag="080"><subfield code="a">547(075.8)</subfield></datafield><datafield ind1="1" ind2=" " tag="100"><subfield code="a">Holleman, A.F</subfield></datafield><datafield ind1="1" ind2="0" tag="245"><subfield code="a">Traite de chimie organique</subfield><subfield code="c">A.f. holleman</subfield></datafield><datafield ind1=" " ind2=" " tag="250"><subfield code="a">Edition Francaise</subfield></datafield><datafield ind1=" " ind2=" " tag="260"><subfield code="a">Paris</subfield><subfield code="b">L. Geisler</subfield><subfield code="c">1911</subfield></datafield><datafield ind1=" " ind2=" " tag="300"><subfield code="a">510P</subfield></datafield><datafield ind1=" " ind2=" " tag="852"><subfield code="a">44503</subfield><subfield code="c">H.H</subfield></datafield><datafield ind1=" " ind2=" " tag="CAT"><subfield code="a">Sys</subfield><subfield code="c">20130409</subfield><subfield code="h">173904</subfield></datafield></record></collection>